@book{cit:ddd,
  author    = {Evans, Eric},
  publisher = {Addison-Wesley},
  title     = {Domain-Driven Design: Tackling Complexity in the Heart of Software},
  year      = 2004,
}

@online{cit:event-storming,
  title   = {Event Storming},
  url     = {https://www.eventstorming.com/},
  journal = {EventStorming},
  author  = {Brandolini, Alberto},
  urldate = {2023-01-07},
} 

@book{cit:event-storming-book,
  author    = {Brandolini, Alberto},
  publisher = {Leanpub},
  title     = {Introducing Event Storming},
  year      = {2018},
}

@online{cit:nielsen,
  url     = {https://www.nngroup.com/articles/ten-usability-heuristics/},
  title   = {10 Usability Heuristics for User Interface Design},
  author  = {Nielsen, Jakob},
  year    = {1994},
  urldate = {2023-01-07},
}

@online{cit:github-projects,
  url     = {https://docs.github.com/en/issues/planning-and-tracking-with-projects/learning-about-projects/about-projects},
  title   = {GitHub Projects},
  urldate = {2023-01-07},
}

@online{cit:github-issues,
  url     = {https://docs.github.com/en/issues/tracking-your-work-with-issues/about-issues},
  title   = {GitHub Issues},
  urldate = {2023-01-07},
}
